@article{mpi,
  title={Open MPI: Open Source High Performance Computing},
  year={2015},
  publisher={http://www.open-mpi.org/}
}

